%% This BibTeX bibliography file was created using BibDesk.
%% http://bibdesk.sourceforge.net/


%% Created for Lauro Cesar Araujo at 2015-04-27 19:43:45 -0300 


%% Saved with string encoding Unicode (UTF-8) 



@book{ibge1993,
	Address = {Rio de Janeiro},
	Author = {IBGE},
	Date-Added = {2013-08-21 13:56:10 +0000},
	Date-Modified = {2013-08-21 13:56:10 +0000},
	Edition = {3},
	Organization = {http://biblioteca.ibge.gov.br/visualizacao/livros/liv23907.pdf},
	Publisher = {Centro de Documenta{\c c}{\~a}o e Dissemina{\c c}{\~a}o de Informa{\c c}{\~o}es. Funda{\c c}{\~a}o Intituto Brasileiro de Geografia e Estat{\'\i}stica},
	Title = {Normas de apresenta{\c c}{\~a}o tabular},
	Urlaccessdate = {21 ago 2013},
	Year = {1993}}

@misc{abntex2-wiki-como-customizar,
	Author = {Lauro C{\'e}sar Araujo},
	Date-Added = {2013-03-23 21:39:21 +0000},
	Date-Modified = {2015-04-27 22:43:06 +0000},
	Howpublished = {Wiki do abnTeX2},
	Keywords = {wiki},
	Title = {Como customizar o abnTeX2},
	Url = {https://github.com/abntex/abntex2/wiki/ComoCustomizar},
	Urlaccessdate = {27 abr 2015},
	Year = {2015},
	Bdsk-Url-1 = {https://github.com/abntex/abntex2/wiki/ComoCustomizar}}

@manual{talbot2012,
	Author = {Nicola L.C. Talbot},
	Date-Added = {2013-03-11 12:06:04 +0000},
	Date-Modified = {2013-03-11 12:06:56 +0000},
	Month = {Nov.},
	Title = {User Manual for glossaries.sty},
	Url = {http://mirrors.ctan.org/macros/latex/contrib/glossaries/glossaries-user.pdf},
	Urlaccessdate = {11 mar. 2013},
	Year = {2012},
	Bdsk-Url-1 = {http://mirrors.ctan.org/macros/latex/contrib/glossaries/glossaries-user.pdf}}

@manual{babel,
	Author = {Johannes Braams},
	Date-Added = {2013-02-17 13:37:14 +0000},
	Date-Modified = {2013-02-17 13:38:38 +0000},
	Month = {Apr.},
	Title = {Babel, a multilingual package for use with LATEX's standard document classes},
	Url = {http://mirrors.ctan.org/info/babel/babel.pdf},
	Urlaccessdate = {17 fev. 2013},
	Year = {2008},
	Bdsk-Url-1 = {http://mirrors.ctan.org/info/babel/babel.pdf}}

@manual{abntex2modelo-artigo,
	Annote = {Este documento {\'e} derivado do \cite{abnt-bibtex-doc}},
	Author = {Lauro C{\'e}sar Araujo},
	Date-Added = {2013-01-15 00:10:35 +0000},
	Date-Modified = {2015-04-27 22:43:13 +0000},
	Organization = {Equipe abnTeX2},
	Title = {Modelo Can{\^o}nico de Artigo Cient{\'\i}fico com abnTeX2},
	Url = {http://www.abntex.net.br/},
	Year = {2015},
	Bdsk-Url-1 = {http://www.abntex.net.br/}}

@manual{abntex2modelo-relatorio,
	Annote = {Este documento {\'e} derivado do \cite{abnt-bibtex-doc}},
	Author = {Lauro C{\'e}sar Araujo},
	Date-Added = {2013-01-15 00:05:34 +0000},
	Date-Modified = {2015-04-27 22:43:18 +0000},
	Organization = {Equipe abnTeX2},
	Title = {Modelo Can{\^o}nico de Relat{\'o}rio T{\'e}cnico e/ou Cient{\'\i}fico com abnTeX2},
	Url = {http://www.abntex.net.br/},
	Year = {2015},
	Bdsk-Url-1 = {http://www.abntex.net.br/}}

@manual{abntex2modelo,
	Annote = {Este documento {\'e} derivado do \cite{abnt-bibtex-doc}},
	Author = {Lauro C{\'e}sar Araujo},
	Date-Added = {2013-01-12 22:55:32 +0000},
	Date-Modified = {2015-04-27 22:43:32 +0000},
	Organization = {Equipe abnTeX2},
	Title = {Modelo Can{\^o}nico de Trabalho Acad{\^e}mico com abnTeX2},
	Url = {http://www.abntex.net.br/},
	Year = {2015},
	Bdsk-Url-1 = {http://www.abntex.net.br/}}

@mastersthesis{araujo2012,
	Address = {Bras{\'\i}lia},
	Author = {Lauro C{\'e}sar Araujo},
	Date-Added = {2013-01-09 11:04:42 +0000},
	Date-Modified = {2013-01-09 11:04:42 +0000},
	Month = {mar.},
	School = {Universidade de Bras{\'\i}lia},
	Subtitle = {uma perspectiva de {A}rquitetura da {I}nforma{\c c}{\~a}o da {E}scola de {B}ras{\'\i}lia},
	Title = {Configura{\c c}{\~a}o},
	Year = {2012}}

@manual{memoir,
	Address = {Normandy Park, WA},
	Author = {Peter Wilson and Lars Madsen},
	Date-Added = {2013-01-09 10:37:50 +0000},
	Date-Modified = {2013-03-21 13:23:25 +0000},
	Organization = {The Herries Press},
	Title = {The Memoir Class for Configurable Typesetting - User Guide},
	Url = {http://mirrors.ctan.org/macros/latex/contrib/memoir/memman.pdf},
	Urlaccessdate = {19 dez. 2012},
	Year = {2010},
	Bdsk-Url-1 = {http://ctan.tche.br/macros/latex/contrib/memoir/memman.pdf}}

@manual{abntex2cite-alf,
	Annote = {Este documento {\'e} derivado do \cite{abnt-bibtex-alf-doc}},
	Author = {Lauro C{\'e}sar Araujo},
	Date-Added = {2013-01-09 10:37:45 +0000},
	Date-Modified = {2015-04-27 22:43:44 +0000},
	Organization = {Equipe abnTeX2},
	Title = {O pacote abntex2cite: t{\'o}picos espec{\'\i}ficos da ABNT NBR 10520:2002 e o estilo bibliogr{\'a}fico alfab{\'e}tico (sistema autor-data)},
	Url = {http://www.abntex.net.br/},
	Year = {2015},
	Bdsk-Url-1 = {http://www.abntex.net.br/}}

@manual{abntex2cite,
	Annote = {Este documento {\'e} derivado do \cite{abnt-bibtex-doc}},
	Author = {Lauro C{\'e}sar Araujo},
	Date-Added = {2013-01-09 10:37:45 +0000},
	Date-Modified = {2015-04-27 22:43:38 +0000},
	Organization = {Equipe abnTeX2},
	Title = {O pacote abntex2cite: Estilos bibliogr{\'a}ficos compat{\'\i}veis com a ABNT NBR 6023},
	Url = {http://www.abntex.net.br/},
	Year = {2015},
	Bdsk-Url-1 = {http://www.abntex.net.br/}}

@manual{abntex2classe,
	Author = {Lauro C{\'e}sar Araujo},
	Date-Added = {2013-01-09 10:37:38 +0000},
	Date-Modified = {2015-04-27 22:42:47 +0000},
	Organization = {Equipe abnTeX2},
	Title = {A classe abntex2: Modelo can{\^o}nico de trabalhos acad{\^e}micos brasileiros compat{\'\i}vel com as normas ABNT NBR 14724:2011, ABNT NBR 6024:2012 e outras},
	Url = {http://www.abntex.net.br/},
	Year = {2015},
	Bdsk-Url-1 = {http://www.abntex.net.br/}}

@manual{NBR10520:2002,
	Address = {Rio de Janeiro},
	Date-Added = {2012-12-15 21:43:38 +0000},
	Date-Modified = {2013-01-12 22:17:20 +0000},
	Month = {ago.},
	Org-Short = {ABNT},
	Organization = {Associa{\c c}\~ao Brasileira de Normas T\'ecnicas},
	Pages = 7,
	Subtitle = {Informa{\c c}\~ao e documenta{\c c}\~ao --- Apresenta{\c c}\~ao de cita{\c c}\~oes em documentos},
	Title = {{NBR} 10520},
	Year = 2002}

@manual{NBR6024:2012,
	Address = {Rio de Janeiro},
	Date-Added = {2012-12-15 21:24:06 +0000},
	Date-Modified = {2012-12-15 21:24:28 +0000},
	Month = {fev.},
	Org-Short = {ABNT},
	Organization = {Associa{\c c}\~ao Brasileira de Normas T\'ecnicas},
	Pages = 4,
	Subtitle = {Numera{\c c}\~ao progressiva das se{\c c}\~oes de um documento},
	Title = {{NBR} 6024},
	Year = 2012}

@manual{NBR6028:2003,
	Address = {Rio de Janeiro},
	Date-Added = {2012-12-15 21:02:12 +0000},
	Date-Modified = {2012-12-15 21:02:50 +0000},
	Month = {nov.},
	Org-Short = {ABNT},
	Organization = {Associa{\c c}\~ao Brasileira de Normas T\'ecnicas},
	Pages = 2,
	Subtitle = {Resumo - Apresenta{\c c}{\~a}o},
	Title = {{NBR} 6028},
	Year = 2003}

@manual{NBR14724:2001,
	Address = {Rio de Janeiro},
	Date-Added = {2012-12-15 20:34:08 +0000},
	Date-Modified = {2012-12-15 20:34:08 +0000},
	Month = {jul.},
	Org-Short = {ABNT},
	Organization = {Associa{\c c}\~ao Brasileira de Normas T\'ecnicas},
	Pages = 6,
	Subtitle = {Informa{\c c}\~ao e documenta{\c c}\~ao --- trabalhos acad\^emicos --- apresenta{\c c}\~ao},
	Title = {{NBR} 14724},
	Year = 2001}

@manual{NBR14724:2002,
	Address = {Rio de Janeiro},
	Date-Added = {2012-12-15 20:34:17 +0000},
	Date-Modified = {2012-12-15 20:34:17 +0000},
	Month = {ago.},
	Org-Short = {ABNT},
	Organization = {Associa{\c c}\~ao Brasileira de Normas T\'ecnicas},
	Pages = 6,
	Subtitle = {Informa{\c c}\~ao e documenta{\c c}\~ao --- trabalhos acad\^emicos --- apresenta{\c c}\~ao},
	Title = {{NBR} 14724},
	Year = 2002}

@manual{NBR14724:2005,
	Address = {Rio de Janeiro},
	Date-Added = {2012-12-15 20:34:08 +0000},
	Date-Modified = {2012-12-15 20:35:25 +0000},
	Month = {dez.},
	Org-Short = {ABNT},
	Organization = {Associa{\c c}\~ao Brasileira de Normas T\'ecnicas},
	Pages = 9,
	Subtitle = {Informa{\c c}\~ao e documenta{\c c}\~ao --- trabalhos acad\^emicos --- apresenta{\c c}\~ao},
	Title = {{NBR} 14724},
	Year = 2005}

@manual{NBR14724:2011,
	Address = {Rio de Janeiro},
	Date-Added = {2012-12-15 20:34:08 +0000},
	Date-Modified = {2012-12-15 20:35:25 +0000},
	Month = {mar.},
	Note = {Substitui a Ref.~\citeonline{NBR14724:2005}},
	Org-Short = {ABNT},
	Organization = {Associa{\c c}\~ao Brasileira de Normas T\'ecnicas},
	Pages = 15,
	Subtitle = {Informa{\c c}\~ao e documenta{\c c}\~ao --- trabalhos acad\^emicos --- apresenta{\c c}\~ao},
	Title = {{NBR} 14724},
	Year = 2011}

@article{van86,
	Author = {{van}, Gigch, John P. and Leo L. Pipino},
	Journal = {Future Computing Systems},
	Number = {1},
	Pages = {71-97},
	Title = {In search for a paradigm for the discipline of information systems},
	Volume = {1},
	Year = {1986}}

@phdthesis{guizzardi2005,
	Address = {Enschede, The Netherlands},
	Author = {Giancarlo Guizzardi},
	Date-Added = {2012-04-23 11:35:28 +0000},
	Date-Modified = {2012-04-23 11:35:28 +0000},
	School = {Centre for Telematics and Information Technology, University of Twente},
	Title = {Ontological Foundations for Structural Conceptual Models},
	Url = {http://www.loa.istc.cnr.it/Guizzardi/SELMAS-CR.pdf},
	Urlaccessdate = {3 jul. 2011},
	Year = {2005},
	Bdsk-Url-1 = {http://www.loa.istc.cnr.it/Guizzardi/SELMAS-CR.pdf}}

@mastersthesis{macedo2005,
	Author = {Fl{\'a}via L. Macedo},
	Date-Added = {2012-04-23 11:35:13 +0000},
	Date-Modified = {2012-04-23 11:35:13 +0000},
	Keywords = {arquitetura da informa{\c c}{\~a}o},
	School = {Universidade de Bras{\'\i}lia},
	Title = {Arquitetura da Informa{\c c}{\~a}o: aspectos espistemol{\'o}gicos, cient{\'\i}ficos e pr{\'a}ticos.},
	Type = {Disserta{\c c}{\~a}o de Mestrado},
	Year = {2005}}

@manual{EIA649B,
	Address = {EUA},
	Date-Added = {2012-04-23 11:34:59 +0000},
	Date-Modified = {2012-04-23 11:34:59 +0000},
	Keywords = {norma},
	Month = {June},
	Organization = {TechAmerica},
	Title = {ANSI/EIA 649-B: Configuration Management Standard},
	Year = {2011}}

@inproceedings{masolo2010,
	Author = {Claudio Masolo},
	Booktitle = {Proceedings of the Twelfth International Conference on the Principles of Knowledge Representation and Reasoning (KR 2010)},
	Date-Added = {2012-04-23 11:34:38 +0000},
	Date-Modified = {2012-04-23 11:34:38 +0000},
	Editor = {Lin, F. and Sattler, U.},
	Pages = {258-268},
	Publisher = {AAAI Press},
	Title = {Understanding Ontological Levels},
	Url = {http://wiki.loa-cnr.it/Papers/kr10v0.7.pdf},
	Urlaccessdate = {2 jan. 2012},
	Year = {2010},
	Bdsk-Url-1 = {http://wiki.loa-cnr.it/Papers/kr10v0.7.pdf}}

@inbook{guarino1995,
	Address = {Vienna},
	Author = {Nicola Guarino},
	Booktitle = {Philosophy and the Cognitive Science},
	Date-Added = {2012-04-23 11:34:29 +0000},
	Date-Modified = {2012-04-23 11:34:29 +0000},
	Editor = {R. Casati and B. Smith and G. White},
	Month = {Sept.},
	Pages = {443-456},
	Publisher = {Holder-Pivhler-Tempsky},
	Title = {The Ontological Level},
	Url = {http://wiki.loa-cnr.it/Papers/OntLev.pdf},
	Urlaccessdate = {2 jan. 2012},
	Year = {1995},
	Bdsk-Url-1 = {http://wiki.loa-cnr.it/Papers/OntLev.pdf}}

@incollection{bates2010,
	Address = {New York},
	Author = {Marcia J. Bates},
	Booktitle = {Encyclopedia of Library and Information Sciences},
	Date-Added = {2012-04-23 11:34:29 +0000},
	Date-Modified = {2012-04-23 11:34:29 +0000},
	Edition = {3rd},
	Editor = {Marcia J. Bates and Mary Niles Maack},
	Pages = {2347-2360},
	Publisher = {CRC Press},
	Title = {Information},
	Url = {http://pages.gseis.ucla.edu/faculty/bates/articles/information.html},
	Urlaccessdate = {24 out. 2011},
	Volume = {3},
	Year = {2010},
	Bdsk-Url-1 = {http://pages.gseis.ucla.edu/faculty/bates/articles/information.html}}

@book{doxiadis1965,
	Author = {Constantinos A. Doxiadis},
	Date-Added = {2012-04-23 11:34:20 +0000},
	Date-Modified = {2012-04-23 11:34:20 +0000},
	Publisher = {Ceira - Coimbra},
	Title = {Arquitetura em Transi{\c c}{\~a}o},
	Year = {1965}}

@book{dewey1980,
	Address = {New York, NY, USA},
	Author = {John Dewey},
	Date-Added = {2012-04-23 11:34:16 +0000},
	Date-Modified = {2012-04-23 11:34:16 +0000},
	Publisher = {Perigee Books},
	Title = {Art as Experience},
	Year = {1980}}

@article{castro2019sistema,
  author = {Érika Paula Castro and Alex Bager},
  title = {SISTEMA URUBU: a ciência cidadã em prol da conservação da biodiversidade},
  journal = {Revista Brasileira de Tecnologias Sociais},
  volume = {6},
  number = {2},
  pages = {111--130},
  year = {2019},
  publisher = {Editora UNIVALI},
  doi = {10.14210/rbts.v6n2.p111-130},
  url = {https://periodicos.univali.br/index.php/rbts/article/view/15264},
  note = {Acesso em: 08/04/2024}
}

@article{chame2019sissgeo,
  author = {Marcia Chame and Helio J. C. Barbosa and Luiz M. R. Gadelha and Douglas A. Augusto and Eduardo Krempser and Lívia Abdalla},
  title = {SISS-Geo: leveraging citizen science to monitor wildlife health risks in Brazil},
  journal = {Journal Of Healthcare Informatics Research},
  volume = {3},
  number = {4},
  pages = {414--440},
  year = {2019},
  publisher = {Springer Science and Business Media LLC},
  doi = {10.1007/s41666-019-00055-2},
  url = {https://www.ncbi.nlm.nih.gov/pmc/articles/PMC8982816/},
  note = {Acesso em: 08/04/2024}
}

@article{chame2015sissgeo,
  author = {Márcia Chame and Hélio J. C. Barbosa and Luiz Gadelha and Douglas A. Augusto and Eduardo Krempser and Lívia Abdalla},
  title = {Sistema de Informação em Saúde Silvestre - “SISS-GEO”},
  journal = {Grandes Desafios da Computação no Brasil},
  volume = {3},
  year = {2015},
  publisher = {Sociedade Brasileira de Computação}
}

@online{onu2015agenda2030,
  author = {{NAÇÕES UNIDAS}},
  title = {Agenda 2030 para o Desenvolvimento Sustentável},
  howpublished = {\url{https://brasil.un.org/pt-br/91863-agenda-2030-para-o-desenvolvimento-sustentável}},
  year = {2015},
  note = {Acesso em: 10/05/2024},
  abnt-refinfo = {NAÇÕES UNIDAS, NAÇÕES UNIDAS, 2015}
}

@online{onu2015ods,
  author = {{NAÇÕES UNIDAS}},
  title = {Sobre o nosso trabalho para alcançar os Objetivos de Desenvolvimento Sustentável no Brasil},
  howpublished = {\url{https://brasil.un.org/pt-br/sdgs}},
  year = {2015},
  note = {Acesso em: 10/05/2024}
}

@book{ohno1988toyota,
  author = {Taiichi Ohno},
  title = {Toyota Production System: Beyond Large-Scale Production},
  publisher = {Productivity Press},
  year = {1988},
  pages = {176},
  doi = {10.4324/9780429273018}
}

@thesis{palma2016monitoramento,
  author = {D. A. Palma},
  title = {Monitoramento de qualidade da água com o enfoque ciência cidadã: estudo de cem Brazilândia},
  type = {Monografia},
  school = {Universidade de Brasília},
  year = {2016},
  address = {Brasília},
  pages = {76}
}

@online{plataforma2024sissgeo,
  author = {{SISS‑Geo}},
  title = {Plataforma Institucional Biodiversidade e Saúde Silvestre. Sistema de Informação em Saúde Silvestre},
  howpublished = {\url{https://sissgeo.lncc.br/apresentacao.xhtml}},
  note = {Acesso em: 12/04/2024},
  year = {2024},
}

@book{pressman2011engenharia,
  author = {R. S. Pressman},
  title = {Engenharia de Software -- uma Abordagem Profissional},
  edition = {7},
  publisher = {AMGH Editora LTDA},
  year = {2011}
}

@online{sibbr2024,
  author = {SIBBr},
  title = {SIBBr: Sistema de Informação sobre a Biodiversidade Brasileira},
  howpublished = {\url{https://sibbr.gov.br/}},
  note = {Acesso em: 08/04/2024},
  year = {2024},
}

@article{wildschut2017citizen,
  author = {D. Wildschut},
  title = {The need for citizen science in the transition to a sustainable peer-to-peer-society},
  journal = {Futures},
  volume = {91},
  pages = {46--52},
  year = {2017}
}

@article{zayat2020framework,
  author = {Wael Zayat and Ozlem Senvar},
  title = {Framework Study for Agile Software Development Via Scrum and Kanban},
  journal = {International Journal Of Innovation And Technology Management},
  volume = {17},
  number = {04},
  pages = {203002-1--203002-24},
  year = {2020},
  publisher = {World Scientific Pub Co Pte Ltd},
  doi = {10.1142/s0219877020300025},
  url = {https://www.worldscientific.com/doi/10.1142/S0219877020300025},
  note = {Acesso em: 16/06/2024}
}

@misc{whatsApp,
  author = {{WhatsApp}},
  title = {WhatsApp},
  howpublished = {\url{https://www.whatsapp.com/}},
  year = {2024},
  note = {Acesso em: 07/05/2025}
}

@misc{googleDrive,
  author = {{Google}},
  title = {Google Drive},
  howpublished = {\url{https://www.google.com/drive/}},
  year = {2024},
  note = {Acesso em: 07/05/2025}
}
@article{Martins_Cabral_2021, title={Panorama dos principais estudos sobre ciência cidadã}, volume={9}, url={https://forscience.ifmg.edu.br/index.php/forscience/article/view/1030}, DOI={10.29069/forscience.2021v9n2.e1030}, abstractNote={&lt;p&gt;Neste artigo, são analisados os objetos de estudo das principais pesquisas sobre ciência cidadã publicadas nos últimos cinco anos. Realizou-se uma busca na base de dados internacional Web of Science por artigos científicos publicados nos anos de 2016 a 2020 e com um número mínimo de 40 citações. Foram encontrados 31 artigos científicos internacionais que tratam de conceitos teóricos, aplicações e contribuições da Ciência Cidadã, abordam implicações éticas e sociais no recrutamento dos voluntários e a motivação desses cidadãos não cientistas para participarem de projetos de Ciência Cidadã e, ainda, avaliam a qualidade dos dados coletados. A pesquisa realizada pode contribuir para a academia, servir de base teórica para o tema da Ciência Cidadã e ser motivante para que os docentes conheçam e se utilizem de iniciativas nos diversos campos do conhecimento como abordagem no processo de ensino e aprendizagem.&lt;/p&#38;gt;
&lt;p&gt;&lt;strong&gt;Palavras-chave&lt;/strong&gt;: Ciência cidadã. Participação. Não cientistas.&lt;/p&#38;gt;
&lt;p&gt; &lt;/p&#38;gt;
&lt;p&gt;&lt;strong&gt;Overview of main studies on citizen science&lt;/strong&gt;&lt;/p&#38;gt;
&lt;p&gt;&lt;strong&gt;Abstract&lt;/strong&gt;&lt;/p&#38;gt;
&lt;p&gt;This article analyzes the objects of study of the main researches on citizen science published in the last five years. A search was made in the international Web of Science database for scientific articles published in the years 2016 to 2020 and with a minimum number of 40 citations. Thirty-one international scientific articles were obtained that deal with the theoretical concepts, applications and contributions of citizen science. They also address the ethical and social implications of recruiting volunteers and the motivation of these non-scientist citizens to participate in citizen science projects, and also assess the quality of the data collected. The research carried out can contribute to the academy, serving as a theoretical basis on the theme of citizen science and be motivating for teachers to know and use citizen science initiatives in different fields of knowledge as an approach in the teaching-learning process.&lt;/p&#38;gt;
&lt;p&gt;&lt;strong&gt;Keywords&lt;/strong&gt;: Citizen Science. Participation. Non-scientist.&lt;/p&#38;gt;}, number={2}, journal={ForScience}, author={Martins, Diny Gabrielly de Miranda and Cabral, Eloisa Helena de Souza}, year={2021}, month={out.}, pages={e01030} }

@online{excel2024,
  title = {{Excel}},
  author = {{Microsoft}},
  year = {2024},
  url = {https://www.microsoft.com/excel},
  note = {Acesso em: 15 abr. 2024}
}

@online{playstore2024,
  title = {{Google Play Store}},
  author = {{Google}},
  year = {2024},
  url = {https://play.google.com/store},
  note = {Acesso em: 10 abr. 2024}
}

@online{govbr2024,
  title = {{Gov.br}},
  author = {{Governo Federal do Brasil}},
  year = {2024},
  url = {https://www.gov.br},
  note = {Acesso em: 18 abr. 2024}
}

@online{android2024,
  title = {{Android}},
  author = {{Google}},
  year = {2024},
  url = {https://www.android.com},
  note = {Acesso em: 15 abr. 2024}
}

@book{gil2002elaborar,
  title={Como elaborar projetos de pesquisa},
  author={Gil, Ant{\^o}nio Carlos and others},
  volume={4}
}

@online{petrobras_simba_2024,
  title     = {SIMBA - Sistema de Monitoramento da Biodiversidade Aquática},
  author    = {{Petrobras}},
  year      = {2024},
  url       = {https://simba.petrobras.com.br/simba/web/},
  note      = {Acesso em: 12/04/2024},
}